<record><leader>00000cas a22000007a 4500</leader><controlfield tag="001">33194997</controlfield><controlfield tag="008">950925d18741875njuwr ne      0    0eng d</controlfield><datafield ind1=" " ind2=" " tag="010"><subfield code="a">sn 95068658 </subfield></datafield><datafield ind1=" " ind2=" " tag="040"><subfield code="a">MGN</subfield><subfield code="b">eng</subfield><subfield code="c">MGN</subfield><subfield code="d">OCLCQ</subfield></datafield><datafield ind1=" " ind2=" " tag="042"><subfield code="a">msc</subfield></datafield><datafield ind1="0" ind2="0" tag="245"><subfield code="a">Warren County chronicle and weekly touchstone.</subfield></datafield><datafield ind1=" " ind2=" " tag="260"><subfield code="a">Washington, N.J. :</subfield><subfield code="b">[s.n.]</subfield></datafield><datafield ind1=" " ind2=" " tag="300"><subfield code="a">v.</subfield></datafield><datafield ind1=" " ind2=" " tag="310"><subfield code="a">Weekly</subfield></datafield><datafield ind1="1" ind2=" " tag="362"><subfield code="a">Began in 1874; ceased in 1875?</subfield></datafield><datafield ind1=" " ind2=" " tag="588"><subfield code="a">Description based on: Vol. 3, no. 38 (Aug. 8, 1874).</subfield></datafield><datafield ind1=" " ind2=" " tag="752"><subfield code="a">United States</subfield><subfield code="b">New Jersey</subfield><subfield code="c">Warren</subfield><subfield code="d">Washington.</subfield></datafield><datafield ind1="0" ind2="4" tag="780"><subfield code="t">Warren County chronicle</subfield></datafield><datafield ind1="0" ind2="4" tag="780"><subfield code="t">Weekly touchstone</subfield><subfield code="w">(DLC)sn 84026278</subfield></datafield></record>